@article{harris1985asymptotic,
  title={An asymptotic expansion for the null distribution of the efficient score statistic},
  author={Harris, P},
  journal={Biometrika},
  volume={72},
  number={3},
  pages={653--659},
  year={1985},
  publisher={Oxford University Press}
}

@article{honda1988size,
	title={A size correction to the Lagrange multiplier test for heteroskedasticity},
	author={Honda, Yuzo},
	journal={Journal of Econometrics},
	volume={38},
	number={3},
	pages={375--386},
	year={1988},
	publisher={Elsevier}
}

@article{breusch1979simple,
	title={A simple test for heteroscedasticity and random coefficient variation},
	author={Breusch, Trevor S and Pagan, Adrian R},
	journal={Econometrica: Journal of the Econometric Society},
	pages={1287--1294},
	year={1979},
	publisher={JSTOR}
}

@article{zhang2005general,
	title={A general framework for weighted gene co-expression network analysis},
	author={Zhang, Bin and Horvath, Steve},
	journal={Statistical applications in genetics and molecular biology},
	volume={4},
	number={1},
	year={2005},
	publisher={De Gruyter}
}

@book{rao1973linear,
	title={Linear statistical inference and its applications},
	author={Rao, Calyampudi Radhakrishna and Statistiker, Mathematischer},
	volume={2},
	year={1973},
	publisher={Wiley New York}
}

@article{cribari2001monotonic,
	title={Monotonic improved critical values for two $\chi$2 asymptotic criteria},
	author={Cribari-Neto, Francisco and Ferrari, Silvia LP},
	journal={Economics Letters},
	volume={71},
	number={3},
	pages={307--316},
	year={2001},
	publisher={Elsevier}
}

@article{cribari1995improved,
	title={An improved Lagrange multiplier test for heteroskedasticity},
	author={Cribari-Neto, Francisco and Ferrari, Silvia LP},
	journal={Communications in Statistics-Simulation and Computation},
	volume={24},
	number={1},
	pages={31--44},
	year={1995},
	publisher={Taylor \& Francis}
}

@inproceedings{rao1948large,
	title={Large sample tests of statistical hypotheses concerning several parameters with applications to problems of estimation},
	author={Rao, C Radhakrishna},
	booktitle={Mathematical Proceedings of the Cambridge Philosophical Society},
	volume={44-1},
	pages={50--57},
	year={1948},
	organization={Cambridge University Press}
}

@article{godfrey1978testing,
	title={Testing for multiplicative heteroskedasticity},
	author={Godfrey, Leslie G},
	journal={Journal of Econometrics},
	volume={8},
	number={2},
	pages={227--236},
	year={1978},
	publisher={Elsevier}
}

@article{griffiths1986monte,
	title={A Monte Carlo evaluation of the power of some tests for heteroscedasticity},
	author={Griffiths, WE and Surekha, K},
	journal={Journal of Econometrics},
	volume={31},
	number={2},
	pages={219--231},
	year={1986},
	publisher={Elsevier}
}



@article{moschopoulos1985distribution,
	title={The distribution of the sum of independent gamma random variables},
	author={Moschopoulos, Peter G},
	journal={Annals of the Institute of Statistical Mathssematics},
	volume={37},
	number={1},
	pages={541--544},
	year={1985},
	publisher={Springer}
}

@article{horvath2008geometric,
	title={Geometric interpretation of gene coexpression network analysis},
	author={Horvath, Steve and Dong, Jun},
	journal={PLoS computational biology},
	volume={4},
	number={8},
	pages={e1000117},
	year={2008},
	publisher={Public Library of Science}
}

@article{chen2012exponential,
	title={An exponential combination procedure for set-based association tests in sequencing studies},
	author={Chen, Lin S and Hsu, Li and Gamazon, Eric R and Cox, Nancy J and Nicolae, Dan L},
	journal={The American Journal of Human Genetics},
	volume={91},
	number={6},
	pages={977--986},
	year={2012},
	publisher={Elsevier}
}

@article{lonsdale2013genotype,
  title={The genotype-tissue expression (GTEx) project},
  author={Lonsdale, John and Thomas, Jeffrey and Salvatore, Mike and Phillips, Rebecca and Lo, Edmund and Shad, Saboor and Hasz, Richard and Walters, Gary and Garcia, Fernando and Young, Nancy and others},
  journal={Nature genetics},
  volume={45},
  number={6},
  pages={580},
  year={2013},
  publisher={Nature Publishing Group}
}

@inproceedings{pacsaniuc2009imputation,
  title={Imputation-based local ancestry inference in admixed populations},
  author={Pa{\c{s}}aniuc, Bogdan and Kennedy, Justin and M{\u{a}}ndoiu, Ion},
  booktitle={International Symposium on Bioinformatics Research and Applications},
  pages={221--233},
  year={2009},
  organization={Springer}
}

@article{pritchard2000inference,
  title={Inference of population structure using multilocus genotype data},
  author={Pritchard, Jonathan K and Stephens, Matthew and Donnelly, Peter},
  journal={Genetics},
  volume={155},
  number={2},
  pages={945--959},
  year={2000},
  publisher={Genetics Soc America}
}

@article{oldham2006conservation,
  title={Conservation and evolution of gene coexpression networks in human and chimpanzee brains},
  author={Oldham, Michael C and Horvath, Steve and Geschwind, Daniel H},
  journal={Proceedings of the National Academy of Sciences},
  volume={103},
  number={47},
  pages={17973--17978},
  year={2006},
  publisher={National Acad Sciences}
}

@article{price2008effects,
  title={Effects of cis and trans genetic ancestry on gene expression in African Americans},
  author={Price, Alkes L and Patterson, Nick and Hancks, Dustin C and Myers, Simon and Reich, David and Cheung, Vivian G and Spielman, Richard S},
  journal={PLoS genetics},
  volume={4},
  number={12},
  pages={e1000294},
  year={2008},
  publisher={Public Library of Science}
}
@article{glejser1969new,
  title={A new test for heteroskedasticity},
  author={Glejser, Herbert},
  journal={Journal of the American Statistical Association},
  volume={64},
  number={325},
  pages={316--323},
  year={1969},
  publisher={Taylor \& Francis}
}
@article{ideker2012differential,
  title={Differential network biology},
  author={Ideker, Trey and Krogan, Nevan J},
  journal={Molecular systems biology},
  volume={8},
  number={1},
  year={2012},
  publisher={John Wiley \& Sons, Ltd}
}
@article{yan2017detecting,
  title={Detecting subnetwork-level dynamic correlations},
  author={Yan, Yan and Qiu, Shangzhao and Jin, Zhuxuan and Gong, Sihong and Bai, Yun and Lu, Jianwei and Yu, Tianwei},
  journal={Bioinformatics},
  volume={33},
  number={2},
  pages={256--265},
  year={2017},
  publisher={Oxford University Press}
}
@article{li2004system,
  title={A system for enhancing genome-wide coexpression dynamics study},
  author={Li, Ker-Chau and Liu, Ching-Ti and Sun, Wei and Yuan, Shinsheng and Yu, Tianwei},
  journal={Proceedings of the National Academy of Sciences},
  volume={101},
  number={44},
  pages={15561--15566},
  year={2004},
  publisher={National Acad Sciences}
}
@article{yu2018new,
  title={A new dynamic correlation algorithm reveals novel functional aspects in single cell and bulk RNA-seq data},
  author={Yu, Tianwei},
  journal={PLoS computational biology},
  volume={14},
  number={8},
  pages={e1006391},
  year={2018},
  publisher={Public Library of Science}
}
@article{dunlop2008regulatory,
  title={Regulatory activity revealed by dynamic correlations in gene expression noise},
  author={Dunlop, Mary J and Cox III, Robert Sidney and Levine, Joseph H and Murray, Richard M and Elowitz, Michael B},
  journal={Nature genetics},
  volume={40},
  number={12},
  pages={1493},
  year={2008},
  publisher={Nature Publishing Group}
}
@article{white1980heteroskedasticity,
  title={A heteroskedasticity-consistent covariance matrix estimator and a direct test for heteroskedasticity},
  author={White, Halbert and others},
  journal={econometrica},
  volume={48},
  number={4},
  pages={817--838},
  year={1980},
  publisher={Princeton}
}

@article{galanter2017differential,
  title={Differential methylation between ethnic sub-groups reflects the effect of genetic ancestry and environmental exposures},
  author={Galanter, Joshua M and Gignoux, Christopher R and Oh, Sam S and Torgerson, Dara and Pino-Yanes, Maria and Thakur, Neeta and Eng, Celeste and Hu, Donglei and Huntsman, Scott and Farber, Harold J and others},
  journal={Elife},
  volume={6},
  pages={e20532},
  year={2017},
  publisher={eLife Sciences Publications Limited}
}

@article{de2010differential,
  title={From ‘differential expression’to ‘differential networking’--identification of dysfunctional regulatory networks in diseases},
  author={De la Fuente, Alberto},
  journal={Trends in genetics},
  volume={26},
  number={7},
  pages={326--333},
  year={2010},
  publisher={Elsevier}
}

@article{li2002genome,
  title={Genome-wide coexpression dynamics: theory and application},
  author={Li, Ker-Chau},
  journal={Proceedings of the National Academy of Sciences},
  volume={99},
  number={26},
  pages={16875--16880},
  year={2002},
  publisher={National Acad Sciences}
}

@Manual{,
    title = {stargazer: Well-Formatted Regression and Summary
      Statistics Tables},
    author = {Marek Hlavac},
    year = {2018},
    note = {R package version 5.2.2},
    organization = {Central European Labour Studies Institute (CELSI)},
    address = {Bratislava, Slovakia},
    url = {https://CRAN.R-project.org/package=stargazer},
  }
  
@article{pujato2014prediction,
  title={Prediction of DNA binding motifs from 3D models of transcription factors; identifying TLX3 regulated genes},
  author={Pujato, Mario and Kieken, Fabien and Skiles, Amanda A and Tapinos, Nikos and Fiser, Andras},
  journal={Nucleic acids research},
  volume={42},
  number={22},
  pages={13500--13512},
  year={2014},
  publisher={Oxford University Press}
}

@article{bera2001rao,
  title={Rao's score, Neyman's C ($\alpha$) and Silvey's LM tests: an essay on historical developments and some new results},
  author={Bera, Anil K and Bilias, Yannis},
  journal={Journal of Statistical Planning and Inference},
  volume={97},
  number={1},
  pages={9--44},
  year={2001},
  publisher={Elsevier}
}


@article{neyman1979calpha,
  title={C($\alpha$) tests and their use.},
  author={Neyman, Jerzy},
  year={1979}
}

@article{kocherlakota1991neyman,
  title={Neyman's C ($\alpha$) test and Rao's efficient score test for composite hypotheses},
  author={Kocherlakota, S and Kocherlakota, K},
  journal={Statistics \& probability letters},
  volume={11},
  number={6},
  pages={491--493},
  year={1991},
  publisher={Elsevier}
}


@article{chawla2013tfcheckpoint,
  title={TFcheckpoint: a curated compendium of specific DNA-binding RNA polymerase II transcription factors},
  author={Chawla, Konika and Tripathi, Sushil and Thommesen, Liv and L{\ae}greid, Astrid and Kuiper, Martin},
  journal={Bioinformatics},
  volume={29},
  number={19},
  pages={2519--2520},
  year={2013},
  publisher={Oxford University Press}
}

@article{emerson2009adaptive,
  title={Adaptive evolution in zinc finger transcription factors},
  author={Emerson, Ryan O and Thomas, James H},
  journal={PLoS genetics},
  volume={5},
  number={1},
  pages={e1000325},
  year={2009},
  publisher={Public Library of Science}
}